@incollection{collectiveConstruction,
	title={Programmable self-disassembly for shape formation in large-scale robot collectives},
	author={Gauci, Melvin and Nagpal, Radhika and Rubenstein, Michael},
	booktitle={Distributed Autonomous Robotic Systems},
	pages={573--586},
	year={2018},
	publisher={Springer}
}

@inproceedings{referencedPaper,
	title={A comparative study of biology-inspired algorithms applied to swarm robots target searching},
	author={Tang, Qirong and Zhang, Lei and Luo, Wei and Ding, Lu and Yu, Fangchao and Zhang, Jian},
	booktitle={International Conference on Swarm Intelligence},
	pages={479-490},
	year={2016},
	organization={Springer}
}

@inproceedings{initialPaper,
	author = {Tang, Qirong and Yu, Fangchao and Zhang, Yuan and Ding, Lu and Eberhard, Peter},
	year = {2017},
	month = {06},
	pages = {199-209},
	title = {A Stigmergy Based Search Method for Swarm Robots},
	isbn = {978-3-319-61832-6},
}

@book{AIRobotics,
	title={Introduction to AI robotics},
	author={Murphy, Robin and Murphy, Robin R},
	year={2000}
}

@article{stigmergy,
	author = {Theraulaz, Guy and Bonabeau, Eric},
	title = {A Brief History of Stigmergy},
	journal = {Artificial Life},
	volume = {5},
	number = {2},
	pages = {97-116},
	year = {1999},
	doi = {10.1162/106454699568700},
	URL = {https://doi.org/10.1162/106454699568700}
}

@incollection{PSO,
	author      = {"Xiaodong Li and Maurice Clerc"},
	title       = {"Swarm Intelligence"},
	editor      = {"Michel Gendreau and Jean-Yves Potvin"},
	booktitle   = {"Handbook of Metaheuristics"},
	publisher   = {"Springer International Publishing"},
	year        = {2019},
	pages       = {"353-384"},
	chapter     = {11}
}

@incollection{ACO,
	author      = {"Marco Dorigo and Thomas St√ºtzle"},
	title       = {"Ant Colony Optimization: Overview and Recent Advances"},
	editor      = {"Michel Gendreau and Jean-Yves Potvin"},
	booktitle   = {"Handbook of Metaheuristics"},
	publisher   = {"Springer International Publishing"},
	year        = {2019},
	pages       = {"311-351"},
	chapter     = {10}                                                     
}
